<?xml version="1.0" encoding="utf-8"?>
<record xmlns="http://www.loc.gov/MARC21/slim" xmlns:xsi="http://www.w3.org/2001/XMLSchema-instance" xsi:schemaLocation="http://www.loc.gov/MARC21/slim http://www.loc.gov/standards/marcxml/schema/MARC21slim.xsd">
	<leader>
		01902nam a2200373   4500
	</leader>
	<controlfield tag="001">
		001901076
	</controlfield>
	<controlfield tag="003">
		NNU
	</controlfield>
	<controlfield tag="006">
		m        d        
	</controlfield>
	<controlfield tag="007">
		cr cn |||m|||a
	</controlfield>
	<controlfield tag="008">
		151007s1959    sy bh   ob    000 0 arar 
	</controlfield>
	<datafield ind1=" " ind2=" " tag="040">
		<subfield code="a">
			NNU
		</subfield>
		<subfield code="b">
			eng
		</subfield>
		<subfield code="c">
			NNU
		</subfield>
	</datafield>
	<datafield ind1=" " ind2=" " tag="043">
		<subfield code="a">
			e-ur---
		</subfield>
		<subfield code="a">
			a-ir---
		</subfield>
	</datafield>
	<datafield ind1=" " ind2="0" tag="050">
		<subfield code="a">
			DK21
		</subfield>
		<subfield code="b">
			.I25 1959
		</subfield>
	</datafield>
	<datafield ind1=" " ind2=" " tag="090">
		<subfield code="a">
			DK21
		</subfield>
		<subfield code="b">
			.I25 1959
		</subfield>
	</datafield>
	<datafield ind1="1" ind2=" " tag="100">
		<subfield code="a">
			Ibn Faḍlān, Aḥmad,
		</subfield>
		<subfield code="d">
			fl. 922.
		</subfield>
	</datafield>
	<datafield ind1="1" ind2="0" tag="240">
		<subfield code="a">
			Risalah
		</subfield>
	</datafield>
	<datafield ind1="1" ind2="0" tag="245">
		<subfield code="a">
			Risālat Ibn Faḍlān fī waṣf al-riḥlah ilā bilād al-Turuk wa-al-Khazar wa-al-Rūs wa-al-Ṣaqālibah sanat 309 h.-921 m
		</subfield>
		<subfield code="h">
			[electronic resource] /
		</subfield>
		<subfield code="c">
			Aḥmad ibn Faḍlān ibn al-ʻAbbās ibn Rāshid ibn Ḥammād ; ḥaqqaqahā wa-ʻallaqa ʻalayhā wa-qaddama la-hā Sāmī al-Dahhān.
		</subfield>
	</datafield>
	<datafield ind1=" " ind2=" " tag="260">
		<subfield code="a">
			Dimashq :
		</subfield>
		<subfield code="b">
			al-Majmaʻ al-ʻIlmī al-ʻArabī,
		</subfield>
		<subfield code="c">
			1959.
		</subfield>
	</datafield>
	<datafield ind1=" " ind2=" " tag="300">
		<subfield code="a">
			online resource (203 p., [6] leaves of plates) :
		</subfield>
		<subfield code="b">
			ill.
		</subfield>
	</datafield>
	<datafield ind1="1" ind2=" " tag="490">
		<subfield code="a">
			Maṭbūʻāt al-Majmaʻ al-ʻIlmī al-ʻArabī bi-Dimashq
		</subfield>
	</datafield>
	<datafield ind1=" " ind2=" " tag="500">
		<subfield code="a">
			Part of the Arabic Collections Online (ACO) project, contributed by New York Univeristy Libraries.
		</subfield>
	</datafield>
	<datafield ind1=" " ind2=" " tag="504">
		<subfield code="a">
			Bibliographical references (p. 199-203).
		</subfield>
	</datafield>
	<datafield ind1=" " ind2=" " tag="500">
		<subfield code="a">
			Includes indexes.
		</subfield>
	</datafield>
	<datafield ind1=" " ind2=" " tag="533">
		<subfield code="a">
			Electronic reproduction.
		</subfield>
		<subfield code="b">
			New York, N.Y. :
		</subfield>
		<subfield code="c">
			New York University,
		</subfield>
		<subfield code="d">
			2015.
		</subfield>
		<subfield code="5">
			NNU
		</subfield>
	</datafield>
	<datafield ind1=" " ind2="0" tag="651">
		<subfield code="a">
			Soviet Union
		</subfield>
		<subfield code="x">
			Description and travel.
		</subfield>
	</datafield>
	<datafield ind1=" " ind2="0" tag="651">
		<subfield code="a">
			Iran
		</subfield>
		<subfield code="x">
			Description and travel.
		</subfield>
	</datafield>
	<datafield ind1="1" ind2=" " tag="700">
		<subfield code="a">
			Dahhān, Sāmī.
		</subfield>
	</datafield>
	<datafield ind1="2" ind2=" " tag="710">
		<subfield code="a">
			New York University.
		</subfield>
		<subfield code="b">
			Libraries.
		</subfield>
	</datafield>
	<datafield ind1="0" ind2=" " tag="730">
		<subfield code="a">
			Arabic Collections Online.
		</subfield>
	</datafield>
	<datafield ind1="0" ind2="8" tag="776">
		<subfield code="i">
			Print version:
		</subfield>
		<subfield code="a">
			Ibn Faḍlān, Aḥmad, fl. 922.
		</subfield>
		<subfield code="t">
			Risālat Ibn Faḍlān fī waṣf al-riḥlah ilā bilād al-Turuk wa-al-Khazar wa-al-Rūs wa-al-Ṣaqālibah sanat 309 h.-921 m
		</subfield>
		<subfield code="w">
			(NNU)001901076
		</subfield>
		<subfield code="w">
			(DLC)75972886 //r77
		</subfield>
	</datafield>
	<datafield ind1=" " ind2="0" tag="830">
		<subfield code="a">
			Maṭbūʻāt al-Majmaʻ al-ʻIlmī al-ʻArabī bi-Dimashq.
		</subfield>
	</datafield>
	<datafield ind1="4" ind2="0" tag="856">
		<subfield code="u">
			http://hdl.handle.net/2333.1/cc2fr232
		</subfield>
	</datafield>
	<datafield ind1=" " ind2=" " tag="959">
		<subfield code="a">
			NNU
		</subfield>
		<subfield code="b">
			WEB
		</subfield>
		<subfield code="c">
			GENI
		</subfield>
		<subfield code="t">
			0
		</subfield>
		<subfield code="m">
			Electronic access
		</subfield>
		<subfield code="s">
			01
		</subfield>
	</datafield>
	<datafield ind1=" " ind2=" " tag="999">
		<subfield code="i">
			NNU_001901076
		</subfield>
		<subfield code="s">
			nyu_aco001254
		</subfield>
		<subfield code="e">
			(ERROR-880)
		</subfield>
	</datafield>
</record>
